@book{.,
 title = {Journal of Statistical Software}
}




@article{karrer2009random,
  title={Random graph models for directed acyclic networks},
  author={Karrer, Brian and Newman, Mark EJ},
  journal={Physical Review E},
  volume={80},
  number={4},
  pages={046110},
  year={2009},
  publisher={APS}
}


@article{lupu2012precedent,
  title={Precedent in international courts: A network analysis of case citations by the European court of human rights},
  author={Lupu, Yonatan and Voeten, Erik},
  journal={British Journal of Political Science},
  volume={42},
  number={2},
  pages={413--439},
  year={2012},
  publisher={Cambridge University Press}
}

@article{pelc2014politics,
  title={The politics of precedent in international law: A social network application},
  author={Pelc, Krzysztof J},
  journal={American Political Science Review},
  volume={108},
  number={3},
  pages={547--564},
  year={2014},
  publisher={Cambridge University Press}
}


@article{bommarito2010distance,
  title={Distance measures for dynamic citation networks},
  author={Bommarito, Michael J and Katz, Daniel Martin and Zelner, Jonathan L and Fowler, James H},
  journal={Physica A: Statistical Mechanics and its Applications},
  volume={389},
  number={19},
  pages={4201--4208},
  year={2010},
  publisher={Elsevier}
}


@inproceedings{bommarito2009law,
  title={Law as a seamless web?: comparison of various network representations of the united states supreme court corpus (1791-2005)},
  author={Bommarito II, Michael J and Katz, Daniel and Zelner, Jon},
  booktitle={Proceedings of the 12th international conference on artificial intelligence and law},
  pages={234--235},
  year={2009},
  organization={ACM}
}


@article{hinkle2016transmission,
  title={The Transmission of Legal Precedent among State Supreme Courts in the Twenty-First Century},
  author={Hinkle, Rachael K and Nelson, Michael J},
  journal={State Politics \& Policy Quarterly},
  volume={16},
  number={4},
  pages={391--410},
  year={2016},
  publisher={SAGE Publications Sage CA: Los Angeles, CA}
}




@article{gillman2001s,
  title={What's law got to do with it? Judicial behavioralists test the ?legal model? of judicial decision making},
  author={Gillman, Howard},
  journal={Law \& Social Inquiry},
  volume={26},
  number={2},
  pages={465--504},
  year={2001},
  publisher={Wiley Online Library}
}

@article{knight1996norm,
  title={The norm of stare decisis},
  author={Knight, Jack and Epstein, Lee},
  journal={American Journal of Political Science},
  pages={1018--1035},
  year={1996},
  publisher={JSTOR}
}


@article{richards2002jurisprudential,
  title={Jurisprudential regimes in Supreme Court decision making},
  author={Richards, Mark J and Kritzer, Herbert M},
  journal={American Political Science Review},
  volume={96},
  number={2},
  pages={305--320},
  year={2002},
  publisher={Cambridge University Press}
}

@article{bailey2008does,
  title={Does legal doctrine matter? Unpacking law and policy preferences on the US Supreme Court},
  author={Bailey, Michael A and Maltzman, Forrest},
  journal={American Political Science Review},
  volume={102},
  number={3},
  pages={369--384},
  year={2008},
  publisher={Cambridge University Press}
}

@book{bailey2011constrained,
  title={The constrained court: Law, politics, and the decisions justices make},
  author={Bailey, Michael A and Maltzman, Forrest},
  year={2011},
  publisher={Princeton University Press}
}

@book{hansford2006politics,
  title={The politics of precedent on the US Supreme Court},
  author={Hansford, Thomas G and Spriggs, James F},
  year={2006},
  publisher={Princeton University Press}
}

@book{Kosmol.2010,
 author = {Kosmol, Peter},
 year = {2010},
 title = {Optimierung und Approximation},
 address = {Berlin},
 edition = {2., {\"u}berarbeitete und erw. Aufl},
 publisher = {De Gruyter},
 isbn = {978-3-11-021814-5},
 series = {De Gruyter Studium}
}


@misc{Leeds.2005,
 author = {Leeds, Brett Ashley},
 year = {2005},
 title = {Alliance Treaty Obligations and Provisions (ATOP): http://atop.rice.edu/}
}


@misc{Leifeld.2014,
 author = {Leifeld, Philip and Cranmer, S. J. and Desmarais, B. A.},
 year = {2014},
 title = {Estimating Temporal Exponential Random Graph Models by Bootstrapped Pseudolikelihood: R package vignette for xergm 1.2}
}


@misc{Marshall.2014,
 author = {Marshall, Monty G.},
 year = {2014},
 title = {Polity IV Project: Political Regime Characteristics and Transitions, 1800-2013: http://www.systemicpeace.org/polity/polity4.htm}
}


@book{McCullagh.1989,
 author = {McCullagh, P. and Nelder, John A.},
 year = {1989},
 title = {Generalized linear models},
 address = {London and New York},
 edition = {2nd ed},
 volume = {37},
 publisher = {Chapman and Hall},
 isbn = {978-0412317606},
 series = {Monographs on statistics and applied probability}
}

@article{fowler2007network,
  title={Network analysis and the law: Measuring the legal importance of precedents at the US Supreme Court},
  author={Fowler, James H and Johnson, Timothy R and Spriggs, James F and Jeon, Sangick and Wahlbeck, Paul J},
  journal={Political Analysis},
  volume={15},
  number={3},
  pages={324--346},
  year={2007},
  publisher={Oxford University Press}
}

@article{fowler2008authority,
  title={The authority of Supreme Court precedent},
  author={Fowler, James H and Jeon, Sangick},
  journal={Social networks},
  volume={30},
  number={1},
  pages={16--30},
  year={2008},
  publisher={Elsevier}
}


@book{Meyn.2009,
 author = {Meyn, S. P. and Tweedie, R. L.},
 year = {2009},
 title = {Markov chains and stochastic stability},
 address = {Cambridge and New York},
 edition = {2nd ed},
 publisher = {Cambridge University Press},
 isbn = {0521731828},
 series = {Communications and control engineering series}
}


@book{Oestreich.2012,
 author = {Oestreich, Markus and Romberg, Oliver},
 year = {2012},
 title = {Keine Panik vor Statistik! Erfolg und Spa{\ss} im Horrorfach nichttechnischer Studieng{\"a}nge},
 address = {Wiesbaden},
 edition = {4., Aufl},
 publisher = {Vieweg {\&} Teubner},
 isbn = {978-3-8348-1946-8},
 series = {Studium}
}


@article{OSullivan.1986,
 author = {O'Sullivan, Finbarr},
 year = {1986},
 title = {[A Statistical Perspective on Ill-Posed Inverse Problems]: Rejoinder},
 pages = {523--527},
 volume = {1},
 number = {4},
 issn = {0883-4237},
 journal = {Statistical Science},
 doi = {10.1214/ss/1177013530}
}


@book{Kolaczyk.2009,
 abstract = {This text provides an up-to-date treatment of the foundations common to the statistical analysis of network data across the disciplines. The material is organized according to a statistical taxonomy, although the presentation entails a conscious balance of concepts versus mathematics.},
 author = {Kolaczyk, Eric D.},
 year={2009},
 title = {Statistical analysis of network data: Methods and models},
 isbn = {978-0-387-88145-4},
 series = {Springer series in statistics}
}


@misc{Rodriguez.2007,
 author = {Rodriguez, G.},
 year = {2007},
 title = {Lecture Notes on Generalized Linear Models: http://data.princeton.edu/wws509/notes/},
 url = {http://data.princeton.edu/wws509/notes/}
}


@book{Ruppert.2003,
 abstract = {This book explains the techniques and benefits of semiparametric regression in a concise and modular fashion. The authors make liberal use of graphics and examples plus case studies taken from environmental, financial, and other applications.--[book cover].},
 author = {Ruppert, David and Wand, M. P. and Carroll, Raymond J.},
 year = {2003},
 title = {Semiparametric regression},
 address = {Cambridge and New York},
 publisher = {Cambridge University Press},
 isbn = {0-521-78516-2},
 series = {Cambridge series in statistical and probabilistic mathematics}
}


@book{Schimek.2000,
 author = {Schimek, Michael G.},
 year = {2000},
 title = {Smoothing and regression: Approaches, computation, and application},
 address = {New York},
 publisher = {Wiley},
 isbn = {0-471-17946-9},
 series = {Wiley series in probability and statistics. Applied probability and statistics section}
}


@book{Shao.1995,
 author = {Shao, Jun and Tu, Dongsheng},
 year = {1995},
 title = {The jackknife and bootstrap},
 address = {New York},
 publisher = {Springer Verlag},
 isbn = {0-387-94515-6},
 series = {Springer series in statistics}
}


@book{Snijders.2002,
 author = {Snijders, T.A.B.},
 year = {2002},
 title = {Markov Chain Monte Carlo estimation of Exponential Random Graph Models},
 publisher = {Journal of Social Structure 3(2)}
}



@misc{StockholmInternationalPeaceResearchInstitute.,
 author = {{Stockholm International Peace Research Institute}},
 title = {http://www.sipri.org/}
}


@book{Wahba.1990,
 author = {Wahba, Grace},
 year = {1990},
 title = {Spline models for observational data: Based on a series of 10 lectures at Ohio State University at Columbus, Mar. 23-27, 1987},
 address = {Philadelphia},
 volume = {59},
 publisher = {Society for Industrial and Applied Mathematics},
 isbn = {978-0-898712-44-5},
 series = {CBMS-NSF Regional Conference series in applied mathematics}
}


@article{Wasserman.1996,
 author = {Wasserman, Stanley and Pattison, Philippa},
 year = {1996},
 title = {Logit models and logistic regression for social networks: An introduction to markov graphs and p-star},
 journal = {Psychometrica Vol.61}
}


@book{Ruger.1999,
 abstract = {Main description: Lehrwerk zu einem zentralen Gebiet der Statistik f{\"u}r das Hauptstudium der Statistik, Mathematik und Informatik. Aus dem Inhalt: Grundmodell und Verteilungsannahme. Suffizienz und Vollst{\"a}ndigkeit. Information. Inferenz. Klassische Inferenz. Likelihood-Inferenz. Bayes-Inferenz. Nichtinformative a priori Verteilungen. Entscheidungstheoretische Inferenz.},
 author = {R{\"u}ger, Bernhard},
 year = {1999},
 title = {Test- und Sch{\"a}tztheorie},
 address = {M{\"u}nchen [u.a.]},
 publisher = {Oldenbourg},
 isbn = {3-486-23650-4},
 series = {Lehr- und Handb{\"u}cher der Statistik}
}


@book{Jansen.2006,
 abstract = {Netzwerkanalyse, soziale Strukturen und soziales Kapital - Geschichte der Netzwerkanalyse - Merkmalstr{\"a}ger, Merkmale und Analyseebenen - Erhebung von Netzwerkdaten - Einfache Analyseverfahren - Zentralit{\"a}t und Prestige in Netzwerken - Macht, Einfluss und Autonomie in Netzwerken - Teilgruppen in Netzwerken - Forschungsfelder der Netzwerkanalyse - Perspektiven der Analyse sozialer Netzwerke - Anhang: Software zur Netzwerkanalyse Dr. Dorothea Jansen ist Professorin f{\"u}r Soziologie der Organisation an der Deutschen Hochschule f{\"u}r Verwaltungswissenschaften in Speyer.},
 author = {Jansen, Dorothea},
 year = {2006},
 title = {Einf{\"u}hrung in die Netzwerkanalyse: Grundlagen, Methoden, Forschungsbeispiele},
 address = {Wiesbaden},
 edition = {3., {\"u}berarb. Aufl},
 publisher = {VS, Verl. f{\"u}r Sozialwiss.},
 isbn = {3531150545},
 series = {Lehrbuch}
}


@book{Jansen.2014,
 author = {Jansen, Christoph and Schmid, Christian},
 year = {2014},
 title = {Eine statistische Analyse des Netzwerks des internationalen Waffenhandels von 1950-2012: Bericht im Rahmen des statistischen Consultingprojekts}
}


@article{HunterDavidR..2008,
 author = {{Hunter , David R.} and {Handcock , Mark S.} and {Butts , Carter T.} and {Goodreau , Steven M.} and Morris, Martina},
 year = {2008},
 title = {ergm: A Package to Fit, Simulate and Diagnose Exponential-Family Models for Networks},
 journal = {Journal of Statistical Software}
}


@article{Akerman.2014,
 author = {Akerman, Anders and Seim, Anna Larsson},
 year = {2014},
 title = {The global arms trade network 1950--2007},
 pages = {535--551},
 volume = {42},
 number = {3},
 issn = {01475967},
 journal = {Journal of Comparative Economics},
 doi = {10.1016/j.jce.2014.03.001}
}


@book{Boor.2001,
 author = {Boor, Carl de},
 year = {2001},
 title = {A practical guide to splines: With 32 figures},
 address = {New York},
 edition = {Rev. ed},
 volume = {v. 27},
 publisher = {Springer},
 isbn = {0387953663},
 series = {Applied mathematical sciences}
}


@article{Brzoska.2004,
 author = {Brzoska, Michael},
 year = {2004},
 title = {The economics of arms imports after the end of the cold war},
 address = {London},
 journal = {Defence and Peace Economics},
 editor = {Routledge},
 institution = {{Bonn International Center of Conversion}}
}


@article{Cranmer.2011,
 author = {Cranmer, S. J. and Desmarais, B. A.},
 year = {2011},
 title = {Inferential Network Analysis with Exponential Random Graph Models},
 pages = {66--86},
 volume = {19},
 number = {1},
 issn = {1047-1987},
 journal = {Political Analysis},
 doi = {10.1093/pan/mpq037}
}


@book{Davison.1997,
 abstract = {Bootstrap methods are computer-intensive statistical methods of analysis that use simulation to calculate standard errors, confidence intervals and significance tests. This book includes S-Plus software for implementing ideas contained in the text.},
 author = {Davison, A. C. and Hinkley, D. V.},
 year = {1997},
 title = {Bootstrap methods and their application},
 address = {Cambridge and New York},
 publisher = {Cambridge University Press},
 isbn = {0521574714},
 series = {Cambridge series in statistical and probabilistic mathematics}
}


@book{Diestel.2010,
 abstract = {Die nunmehr vierte Auflage des von der Kritik hochgelobten Springer Graduate Texts, Graph Theory, eignet sich als verl{\"a}ssliche Textgrundlage f{\"u}r deutschsprachige Vorlesungen (auch einf{\"u}hrende), sowie zum Selbststudium. Elektronische Ausgabe: diestel-graph-theory.com Aus der Kritik der englischen Originalausgabe (GTM 173): {\dq}This outstanding book cannot be substituted with any other book on the present textbook market. It has every chance of becoming the standard textbook for graph theory.{\dq} Acta Scientiarum Mathematicarum {\dq}This book has received a very enthusiastic reception, which it amply deserves. A masterly elucidation of modern graph theory. Bulletin of the ICA {\dq}...like listening to someone explain mathematics.{\dq} Bulletin of the AMS.},
 author = {Diestel, Reinhard},
 year = {2010},
 title = {Graphentheorie},
 address = {Heidelberg [u.a.]},
 edition = {4. Aufl},
 publisher = {Springer},
 isbn = {3642149111},
 series = {Springer-Lehrbuch Masterclass}
}


@book{Efron.1994,
 author = {Efron, Bradley and Tibshirani, Robert},
 year = {1994},
 title = {An introduction to the bootstrap},
 address = {New York},
 volume = {57},
 publisher = {Chapman {\&} Hall},
 isbn = {0-412-04231-2},
 series = {Monographs on statistics and applied probability}
}


@article{EilersPaulH.C..1996,
 author = { Paul H. C. Eilers and Brian D. Marx},
 year = {1996},
 title = {Flexible smoothing with B -splines and penalties},
 pages = {89--121},
 volume = {11},
 number = {2},
 issn = {0883-4237},
 journal = {Statistical Science},
 doi = {10.1214/ss/1038425655}
}


@book{Fahrmeir.2009,
 author = {Fahrmeir, Ludwig and Kneib, Thomas and Lang, Stefan},
 year = {2009},
 title = {Regression: Modelle, Methoden und Anwendungen},
 address = {Berlin and Heidelberg},
 edition = {2. Aufl},
 publisher = {Springer},
 isbn = {978-3-642-01836-7},
 series = {Statistik und ihre Anwendungen}
}


@article{Feenstra.2013,
 author = {Feenstra, Robert C. and Inklaar, Robert and Timmer, Marcel},
 year = {2013},
 title = {The Next Generation of the Penn World Table: http://www.nber.org/papers/w19255},
 journal = {{National Bureau of Economic Research}}
}


@book{Gu.2002,
 author = {Gu, Chong},
 year = {2002},
 title = {Smoothing spline ANOVA models},
 address = {New York},
 publisher = {Springer},
 isbn = {0-387-95353-1},
 series = {Springer series in statistics}
}


@book{Handcock.2003,
 author = {Handcock, Mark S.},
 year = {2003},
 title = {Assessing degeneracy in statistical models of social networks: https://www.csss.washington.edu/Papers/wp39.pdf}
}


@book{Hardle.2004,
 abstract = {The concept of nonparametric smoothing is a central idea in statistics that aims to simultaneously estimate and modes the underlyingstructure. The book considers high dimensional objects, as density functions and regression. The semiparametric modeling technique compromises the two aims, flexibility and simplicity of statistical procedures, by introducing partial parametric components. These components allow to match structural conditions like e.g. linearity in some variables and may be used to model the influence of discrete variables. The aim of this monograph is to present the statistical and mathematical principles of smoothing with a focus on applicable techniques. The necessary mathematical treatment is easily understandable and a wide variety of interactive smoothing examples are given. The book does naturally split into two parts: Nonparametric models (histogram, kernel density estimation, nonparametric regression) and semiparametric models (generalized regression, single index models, generalized partial linear models, additive and generalized additive models). The first part is intended for undergraduate students majoring in mathematics, statistics, econometrics or biometrics whereas the second part is intended to be used by master and PhD students or researchers. The material is easy to accomplish since the e-book character of the text gives a maximum of flexibility in learning (and teaching) intensity. TOC:Introduction.- Nonparametric Models.- Semiparametric Models},
 author = {H{\"a}rdle, Wolfgang and M{\"u}ller, Marlene and Sperlich, Stefan and Werwatz, Axel},
 year = {2004},
 title = {Nonparametric and semiparametric models},
 url = {http://www.loc.gov/catdir/enhancements/fy0818/2004556084-d.html},
 address = {Berlin},
 publisher = {Springer},
 isbn = {3-540-20722-8},
 series = {Springer series in statistics}
}


@book{Harris.2013,
 author = {Harris, Jenine K.},
 year={2013},
 title = {An introduction to exponential random graph modeling},
 volume = {173},
 isbn = {978-1-4522-2080-2},
 series = {Quantitative applications in the social sciences}
}


@book{Hastie.1990,
 author = {Hastie, Trevor and Tibshirani, Robert},
 year = {1990},
 title = {Generalized additive models},
 address = {London and New York},
 edition = {1st ed},
 volume = {43},
 publisher = {Chapman and Hall},
 isbn = {9780412343902},
 series = {Monographs on statistics and applied probability}
}


@article{Holtom.2012,
 author = {Holtom, Paul and Bromley, Mark and Simmel, Verena},
 year = {2012},
 title = {Measuring International Arms Transfers},
 address = {Stockholm},
 journal = {SIPRI Fact Sheet},
 institution = {SIPRI}
}


@article{Hunter.2008,
 author = {Hunter, David R. and Goodreau, Steven M. and Handcock, Mark S.},
 year = {2008},
 title = {Goodness of Fit of Social Network Models},
 pages = {248--258},
 volume = {103},
 number = {481},
 issn = {0162-1459},
 journal = {Journal of the American Statistical Association},
 doi = {10.1198/016214507000000446}
}


@article{Hunter.2006,
 author = {Hunter, David R. and Handcock, Mark S.},
 year = {2006},
 title = {Inference in Curved Exponential Family Models for Networks},
 pages = {565--583},
 volume = {15},
 number = {3},
 issn = {1061-8600},
 journal = {Journal of Computational and Graphical Statistics},
 doi = {10.1198/106186006X133069}
}


@incollection{Hunter.2009,
 author = {Hunter, David R. and Handcock, Mark S. and Butts, Carter T. and Goodreau, Steven M. and Morris, Martina},
 year= {2009},
 title = {ergm: A package to fit, simulate and diagnose exponential-family models for networks},
 pages = {1-29, 2008},
 volume = {24(3)},
 booktitle = {Journal of Statistical Software}
}


@phdthesis{Willardson.2013,
 author = {Willardson, Spencer L.},
 year = {2013},
 title = {Under the influence of arms: the foreign policy causes and consequences of arms transfer: http://ir.uiowa.edu/etd/2660/},
 school = {{University of Iowa}}
}


@book{Wood.2006,
 abstract = {{\dq}Generalized Additive Models: An Introduction with R imparts a thorough understanding of the theory and practical applications of GAMs and related advanced models, enabling informed use of these very flexible tools. The author bases his approach on a framework of penalized regression splines, and builds a well-grounded foundation through motivating chapters on linear and generalized linear models. While firmly focused on the practical aspects of GAMs, discussions include fairly full explanations of the theory underlying the methods. Use of the freely available R software helps explain the theory and illustrates the practicalities of linear, generalized linear, and generalized additive models, as well as their mixed effect extensions. The treatment is rich with practical examples, and it includes an entire chapter on the analysis of real data sets using R and the author's add-on package mgcv.{\dq}--BOOK JACKET.},
 author = {Wood, Simon N.},
 year = {2006},
 title = {Generalized additive models: An introduction with R},
 address = {Boca Raton, FL},
 publisher = {Chapman {\&} Hall/CRC},
 isbn = {1-58488-474-6},
 series = {Texts in statistical science}
}


@article{Breiman.1985,
 author = {Breiman, Leo and Friedman, Jerome H.},
 year = {1985},
 title = {Estimating Optimal Transformations for Multiple Regression and Correlation},
 journal = {Journal of the American Statistical Association}
}


@article{SnijdersTomA.B..2006,
 author = { Tom A. B. Snijders and Pattison, Philippa E. and Robins, Garry L. and Handcock, Mark S.},
 year = {2006},
 title = {NEW SPECIFICATIONS FOR EXPONENTIAL RANDOM GRAPH MODELS},
 pages = {99--153},
 volume = {36},
 number = {1},
 issn = {0081-1750},
 journal = {Sociological Methodology},
 doi = {10.1111/j.1467-9531.2006.00176.x}
}


@article{Hunter.2007,
 author = {Hunter, David R.},
 year = {2007},
 title = {Curved Exponential Family Models for Social Networks},
 journal = {Soc Networks. 2007 Mar and 29(2): 216--230.}
}


@article{Singer.1972,
 author = {Singer, J. David and Bremer, Stuart and Stuckey, John},
 year = {1972},
 title = {Capability Distribution, Uncertainty, and Major Power War, 1820-1965},
 journal = {Bruce Russett (ed) Peace and War and and Numbers and Beverly Hills: Sage and 19-48}
}


@misc{TheMaddisonProject.2013,
 author = {{The Maddison-Project}},
 year = {2013},
 title = {http://www.ggdc.net/maddison/maddison-project/home.htm}
}


@book{Gibler.2004,
 author = {Gibler, Douglas M.},
 year = {2004},
 title = {International military alliances from 1648 to 2000},
 address = {Washington and D.C and London},
 publisher = {CQ and Eurospan},
 isbn = {978-1-56802-824-8}
}


@misc{Mayer.2011,
 author = {Mayer, T. and Zignago, S.},
 year = {2011},
 title = {Notes on CEPIIs distances measure: the GeoDist Database},
 institution = {{CEPII Working Paper}}
}


@article{Perkins.2010,
 author = {Perkins, Richard and Neumayer, Eric},
 year = {2010},
 title = {The organized hypocrisy of ethical foreign policy: Human rights, democracy and Western arms sales},
 pages = {247--256},
 volume = {41},
 number = {2},
 issn = {00167185},
 journal = {Geoforum},
 doi = {10.1016/j.geoforum.2009.09.011}
}


@misc{RCore,
    title = {R: A Language and Environment for Statistical Computing},
    author = {{R Core Team}},
    organization = {R Foundation for Statistical Computing},
    address = {Vienna, Austria},
    year = {2013},
    note = {{ISBN} 3-900051-07-0},
    url = {http://www.R-project.org/},
  }


@misc{MartinezZarzoso.2014,
 author = {Martinez-Zarzoso, Inma},
 year = {2014},
 title = {Gravity of Arms}
}


@article{Moore.2010,
 author = {Moore, Matthew},
 year = {2010},
 title = {Arming the Embargoed: A Supply-Side Understanding of Arms Embargo Violations},
 journal = {Journal of Conflict Resolution}
}


@article{Brauer.2007,
 author = {Brauer, Jurgen},
 year = {2007},
 title = {Arms Industries, Arms Trade and Developing Countries},
 journal = {Handbook of Defense Economics}
}


@book{Wasserman.1994,
 abstract = {Covers methods for the analysis of social networks and applies them to examples.},
 author = {Wasserman, Stanley and Faust, Katherine},
 year = {1994},
 title = {Social network analysis: Methods and applications},
 address = {Cambridge and New York},
 volume = {8},
 publisher = {Cambridge University Press},
 isbn = {0521387078},
 series = {Structural analysis in the social sciences}
}


@article{Comola.2012,
 author = {Comola, Margherita},
 year = {2012},
 title = {Democracies, Politics, and Arms Supply},
 pages = {150--163},
 volume = {20},
 number = {1},
 issn = {09657576},
 journal = {Review of International Economics},
 doi = {10.1111/j.1467-9396.2011.01014.x}
}


@article{Friedman.1981,
 author = {Friedman, Jerome H. and Stuetzle, Werner},
 year = {1981},
 title = {Projection Pursuit Regression},
 pages = {817--823},
 volume = {76},
 number = {376},
 issn = {0162-1459},
 journal = {Journal of the American Statistical Association},
 doi = {10.1080/01621459.1981.10477729}
}


@article{Robins.2007,
 author = {Robins, Garry and Snijders, Tom A.B. and Wang, Peng and Handcock, Mark S. and Pattison, Philippa E.},
 year = {2007},
 title = {Recent developments in exponential random graph (p*) models for social networks},
 pages = {192--215},
 volume = {29},
 number = {2},
 issn = {03788733},
 journal = {Social Networks},
 doi = {10.1016/j.socnet.2006.08.003}
}


@misc{Desmarais.2010,
 author = {Desmarais, B. A. and Cranmer, S. J.},
 year = {2010},
 title = {Consistent confidence intervals for maximum pseudolikelihood estimators},
 institution = {{Proceedings of the Neural Information Processing Systems 2010 Workshop on Computational Social Science and the Wisdom of Crowds}}
}


@article{Desmarais.2012,
 author = {Desmarais, B. A. and Cranmer, S. J.},
 year = {2012},
 title = {Statistical mechanics of networks: Estimation and uncertainty},
 pages = {1865--1876},
 volume = {391},
 number = {4},
 issn = {03784371},
 journal = {Physica A: Statistical Mechanics and its Applications},
 doi = {10.1016/j.physa.2011.10.018}
}


@misc{Johannsen.2014,
 author = {Johannsen, Florian and Martinez-Zarzoso, Inma},
 year = {2014},
 title = {Gravity of Arms, http://works.bepress.com/inma{\_}martinez{\_}zarzoso/31/}
}


@article{Hanneke.2009,
 author = {Hanneke, Steve and Fu, Wenjie and Xing, Eric P.},
 year = {2009},
 title = {Discrete temporal models of social networks},
 journal = {{Electronic Journal of Statistics}}
}


@article{Andersen.1980,
 author = {Andersen, L. D. and Hilton, A.J.W.},
 year = {1980},
 title = {Generalized Latin rectangles 1: Construction and decomposition},
 pages = {125--152},
 volume = {31},
 number = {2},
 issn = {0012365X},
 journal = {Discrete Mathematics},
 doi = {10.1016/0012-365X(80)90030-8}
}

@ARTICLE{Liang.2009,
    author = {Faming Liang},
    title = {A double Metropolis-Hastings sampler for spatial models with intractable normalizing constants},
    journal = {Journal of Statistical Computing and Simulation},
    year = {2009}
}

@MISC{JinLiang.2009,
    author = {Ick Hoon Jin and Faming Liang},
    title = {Bayesian Analysis for Exponential Random Graph Models Using the Double Metropolis-Hastings Sampler},
    year = {2009}
}

@MISC{Hummel.2011,
    author = {Ruth M. Hummel and David R. Hunter and Mark S. Handcock},
    title = {Improving Simulation-Based Algorithms for Fitting ERGMs},
    year = {2011}
}

@article{Padgett.1994,
 author = {Padgett, John F.},
 year = {1994},
 title = {Marriage and Elite Structure in Renaissance Florence},
 journal = {Social Science History Association}
}

@article{Geyer.1992,
  author = {Geyer, Charles J. and Thompson, Elizabeth A.},
  journal = {Journal of the Royal Statistical Society. Series B (Methodological)},
  pages = {pp. 657-699},
  publisher = {Wiley for the Royal Statistical Society},
  title = {Constrained {Monte} {Carlo} Maximum Likelihood for Dependent Data},
  url = {http://www.jstor.org/stable/2345852},
  volume = 54,
  year = 1992
}
