  @book{ASH,
    author = {Seiffert, U. and Wech, L.},
    year = {2003},
    title = {Automotive Safety Handbook},
  }
